@misc{guardian,
title = {{The Guardian}},
note = {on-line at: \url{https://www.theguardian.com/news/2018/mar/17/cambridge-analytica-facebook-influence-us-election?fbclid=IwAR3BCNEwjFrnCY-g_xN0gJCHwoRkh0LGPSgd1VyZ3LSQDJWHuc0x46sjB40}},
    author = {Carole Cadwalladr and Emma Graham-Harrison},
    year = {2018}
}

@misc{instagram, 
title = {{Instagram stats}}, 
note = {on-line at: \url{https://blog.hootsuite.com/instagram-statistics/?fbclid=IwAR0wy2dd2L7oP04u0D5pqsRtS1gMWUMBOXZ-B7_EsiAlstKS19ExcECnnuI}},
author = {Todd Clarke}
year = {2019}
}

